<?xml version="1.0" encoding="UTF-8"?><collection xmlns="http://www.loc.gov/MARC21/slim"><record><leader>00472nam--2200157-i-4500</leader><controlfield tag="001">000032927</controlfield><controlfield tag="002">20161230</controlfield><controlfield tag="005">20161230201039</controlfield><controlfield tag="008">060222s1000------------r-----000-0-eng-d</controlfield><datafield ind1=" " ind2=" " tag="080"><subfield code="a">517(075.8)</subfield></datafield><datafield ind1=" " ind2=" " tag="100"><subfield code="a">Marinescu, Gheorghe</subfield></datafield><datafield ind1=" " ind2=" " tag="245"><subfield code="a">Curs de analiza matematica. anul iv si v</subfield></datafield><datafield ind1=" " ind2=" " tag="260"><subfield code="a">Bucuresti, Litografia Invatamantului, 1955, 233p. Litografia Univiversitatea C.I.Parhon</subfield></datafield><datafield ind1=" " ind2=" " tag="700"><subfield code="a">Gheorghe Marinescu</subfield></datafield><datafield ind1=" " ind2=" " tag="852"><subfield code="a">4358</subfield><subfield code="c">517</subfield></datafield><datafield ind1=" " ind2=" " tag="CAT"><subfield code="a">Sys</subfield><subfield code="c">20080617</subfield><subfield code="h">101953</subfield></datafield></record></collection>